<?xml version="1.0" encoding="UTF-8"?>
<Document xmlns="urn:iso:std:iso:20022:tech:xsd:camt.053.001.08">
  <BkToCstmrStmt>
    <GrpHdr>
      <MsgId>CAMT053-20260508-001</MsgId>
      <CreDtTm>2026-05-08T23:59:00</CreDtTm>
    </GrpHdr>
    <Stmt>
      <Id>STMT-001</Id>
      <CreDtTm>2026-05-08T23:59:00</CreDtTm>
      <FrToDt>
        <FrDtTm>2026-05-08T00:00:00</FrDtTm>
        <ToDtTm>2026-05-08T23:59:59</ToDtTm>
      </FrToDt>
      <Acct>
        <Id>
          <IBAN>DE89370400440532013000</IBAN>
        </Id>
        <Ccy>EUR</Ccy>
        <Ownr>
          <Nm>Acme GmbH</Nm>
        </Ownr>
      </Acct>
      <Bal>
        <Tp>
          <CdOrPrtry>
            <Cd>OPBD</Cd>
          </CdOrPrtry>
        </Tp>
        <Amt Ccy="EUR">10000.00</Amt>
        <CdtDbtInd>CRDT</CdtDbtInd>
        <Dt>
          <Dt>2026-05-08</Dt>
        </Dt>
      </Bal>
      <Bal>
        <Tp>
          <CdOrPrtry>
            <Cd>CLBD</Cd>
          </CdOrPrtry>
        </Tp>
        <Amt Ccy="EUR">8750.50</Amt>
        <CdtDbtInd>CRDT</CdtDbtInd>
        <Dt>
          <Dt>2026-05-08</Dt>
        </Dt>
      </Bal>
      <TxsSummry>
        <TtlNtries>
          <NbOfNtries>2</NbOfNtries>
          <Sum>1249.50</Sum>
        </TtlNtries>
      </TxsSummry>
      <Ntry>
        <NtryRef>NTRY-001</NtryRef>
        <Amt Ccy="EUR">1000.00</Amt>
        <CdtDbtInd>DBIT</CdtDbtInd>
        <Sts>
          <Cd>BOOK</Cd>
        </Sts>
        <BookgDt>
          <Dt>2026-05-08</Dt>
        </BookgDt>
        <ValDt>
          <Dt>2026-05-08</Dt>
        </ValDt>
        <BkTxCd>
          <Domn>
            <Cd>PMNT</Cd>
            <Fmly>
              <Cd>ICDT</Cd>
              <SubFmlyCd>DMCT</SubFmlyCd>
            </Fmly>
          </Domn>
        </BkTxCd>
      </Ntry>
      <Ntry>
        <NtryRef>NTRY-002</NtryRef>
        <Amt Ccy="EUR">249.50</Amt>
        <CdtDbtInd>DBIT</CdtDbtInd>
        <Sts>
          <Cd>BOOK</Cd>
        </Sts>
        <BookgDt>
          <Dt>2026-05-08</Dt>
        </BookgDt>
        <ValDt>
          <Dt>2026-05-08</Dt>
        </ValDt>
        <BkTxCd>
          <Domn>
            <Cd>PMNT</Cd>
            <Fmly>
              <Cd>ICDT</Cd>
              <SubFmlyCd>DMCT</SubFmlyCd>
            </Fmly>
          </Domn>
        </BkTxCd>
      </Ntry>
    </Stmt>
  </BkToCstmrStmt>
</Document>
