<?xml version="1.0" encoding="UTF-8"?>
<Document xmlns="urn:iso:std:iso:20022:tech:xsd:pain.001.001.09">
  <CstmrCdtTrfInitn>
    <GrpHdr>
      <MsgId>PAIN001-20260508-001</MsgId>
      <CreDtTm>2026-05-08T10:15:00</CreDtTm>
      <NbOfTxs>2</NbOfTxs>
      <CtrlSum>3500.00</CtrlSum>
      <InitgPty>
        <Nm>Acme GmbH</Nm>
      </InitgPty>
    </GrpHdr>
    <PmtInf>
      <PmtInfId>PMT-001</PmtInfId>
      <PmtMtd>TRF</PmtMtd>
      <NbOfTxs>2</NbOfTxs>
      <CtrlSum>3500.00</CtrlSum>
      <ReqdExctnDt>
        <Dt>2026-05-09</Dt>
      </ReqdExctnDt>
      <Dbtr>
        <Nm>Acme GmbH</Nm>
      </Dbtr>
      <DbtrAcct>
        <Id>
          <IBAN>DE89370400440532013000</IBAN>
        </Id>
      </DbtrAcct>
      <DbtrAgt>
        <FinInstnId>
          <BICFI>DEUTDEFF</BICFI>
        </FinInstnId>
      </DbtrAgt>
      <CdtTrfTxInf>
        <PmtId>
          <EndToEndId>E2E-001</EndToEndId>
        </PmtId>
        <Amt>
          <InstdAmt Ccy="EUR">2000.00</InstdAmt>
        </Amt>
        <CdtrAgt>
          <FinInstnId>
            <BICFI>BNPAFRPP</BICFI>
          </FinInstnId>
        </CdtrAgt>
        <Cdtr>
          <Nm>Globex SA</Nm>
        </Cdtr>
        <CdtrAcct>
          <Id>
            <IBAN>FR7630006000011234567890189</IBAN>
          </Id>
        </CdtrAcct>
      </CdtTrfTxInf>
      <CdtTrfTxInf>
        <PmtId>
          <EndToEndId>E2E-002</EndToEndId>
        </PmtId>
        <Amt>
          <InstdAmt Ccy="EUR">1500.00</InstdAmt>
        </Amt>
        <CdtrAgt>
          <FinInstnId>
            <BICFI>INGBNL2A</BICFI>
          </FinInstnId>
        </CdtrAgt>
        <Cdtr>
          <Nm>Initech BV</Nm>
        </Cdtr>
        <CdtrAcct>
          <Id>
            <IBAN>NL91ABNA0417164300</IBAN>
          </Id>
        </CdtrAcct>
      </CdtTrfTxInf>
    </PmtInf>
  </CstmrCdtTrfInitn>
</Document>
