<?xml version="1.0" encoding="UTF-8"?>
<Document xmlns="urn:iso:std:iso:20022:tech:xsd:camt.053.001.08">
  <BkToCstmrStmt>
    <GrpHdr>
      <MsgId>CAMT053-SINGLE-001</MsgId>
      <CreDtTm>2026-05-10T08:00:00</CreDtTm>
    </GrpHdr>
    <Stmt>
      <Id>STMT-2026-05-09-001</Id>
      <CreDtTm>2026-05-10T08:00:00</CreDtTm>
      <FrToDt>
        <FrDtTm>2026-05-09T00:00:00</FrDtTm>
        <ToDtTm>2026-05-09T23:59:59</ToDtTm>
      </FrToDt>
      <Acct>
        <Id><IBAN>DE89370400440532013000</IBAN></Id>
        <Ccy>EUR</Ccy>
        <Nm>ACME Corp Current Account</Nm>
      </Acct>
      <Bal>
        <Tp><CdOrPrtry><Cd>OPBD</Cd></CdOrPrtry></Tp>
        <Amt Ccy="EUR">10000.00</Amt>
        <CdtDbtInd>CRDT</CdtDbtInd>
        <Dt><Dt>2026-05-09</Dt></Dt>
      </Bal>
      <Ntry>
        <NtryRef>NTRY-001</NtryRef>
        <Amt Ccy="EUR">1500.00</Amt>
        <CdtDbtInd>DBIT</CdtDbtInd>
        <Sts><Cd>BOOK</Cd></Sts>
        <BookgDt><Dt>2026-05-09</Dt></BookgDt>
        <ValDt><Dt>2026-05-09</Dt></ValDt>
        <BkTxCd>
          <Domn>
            <Cd>PMNT</Cd>
            <Fmly>
              <Cd>ICDT</Cd>
              <SubFmlyCd>ESCT</SubFmlyCd>
            </Fmly>
          </Domn>
        </BkTxCd>
        <NtryDtls>
          <TxDtls>
            <Refs>
              <EndToEndId>E2E-REF-001</EndToEndId>
              <InstrId>INSTR-001</InstrId>
            </Refs>
            <Amt Ccy="EUR">1500.00</Amt>
            <CdtDbtInd>DBIT</CdtDbtInd>
          </TxDtls>
        </NtryDtls>
      </Ntry>
    </Stmt>
  </BkToCstmrStmt>
</Document>
